<?xml version="1.0" encoding="UTF-8"?><collection xmlns="http://www.loc.gov/MARC21/slim"><record><leader>00375nam--2200133-i-4500</leader><controlfield tag="001">000040254</controlfield><controlfield tag="002">20161230</controlfield><controlfield tag="005">20161230201042</controlfield><controlfield tag="008">060222s1000------------r-----000-0-eng-d</controlfield><datafield ind1=" " ind2=" " tag="100"><subfield code="a">Sandorfy,C</subfield></datafield><datafield ind1=" " ind2=" " tag="245"><subfield code="a">Electronic spectra and quantum chemistry</subfield></datafield><datafield ind1=" " ind2=" " tag="260"><subfield code="a">Englewood Cliffs, Prentice-hall, Inc.,1964. Xiii + 385 P</subfield></datafield><datafield ind1=" " ind2=" " tag="490"><subfield code="a">Prentice-hall Chemistry Series</subfield></datafield><datafield ind1=" " ind2=" " tag="852"><subfield code="a">20405</subfield></datafield></record></collection>